@string{spki-authors = {Carl M. Ellison and Bill Frantz 
                  and Butler Lampson and Ron Rivest 
                  and Brian M. Thomas and Tatu Ylonen}} 

@Misc{ellison99-theory,
  author = 	 spki-authors,
  title = 	 {{SPKI} Certificate Theory},
  year = 	 1999,
  howpublished = {RFC 2693},
  month = 	 sep
}


@Unpublished{ellison99-structure,
  author = 	 spki-authors,
  title = 	 {Simple Public Key Certificate},
  note = 	 {Distributed as Internet Draft
                  draft-ietf-spki-cert-structure-06.txt.},  
  month =	 jul,
  year =	 1999
}

@Article{saltzer75,
  author = 	 {Jerome H. Saltzer and Michael D. Schroeder},
  title = 	 {The Protection of Information in Computer Systems},
  journal = 	 {Proceedings of the {IEEE}},
  year = 	 1975,
  volume = 	 63,
  number = 	 9,
  pages = 	 {1278--1308},
  month = 	 sep
}

